<record><leader>00000cas a22000007a 4500</leader><controlfield tag="001">13545244</controlfield><controlfield tag="008">860508d18501858pauwr ne      0    0eng d</controlfield><datafield ind1=" " ind2=" " tag="010"><subfield code="a">sn 86053368 </subfield></datafield><datafield ind1=" " ind2=" " tag="040"><subfield code="a">NPX</subfield><subfield code="b">eng</subfield><subfield code="c">NPX</subfield><subfield code="d">NPH</subfield><subfield code="d">OCLCQ</subfield></datafield><datafield ind1=" " ind2=" " tag="042"><subfield code="a">msc</subfield></datafield><datafield ind1="0" ind2="0" tag="245"><subfield code="a">Danville intelligencer, and Montour County advertiser.</subfield></datafield><datafield ind1="1" ind2="3" tag="246"><subfield code="a">Danville intelligencer</subfield></datafield><datafield ind1=" " ind2=" " tag="260"><subfield code="a">Danville, Pa. :</subfield><subfield code="b">V. Best,</subfield><subfield code="c">1850-1858.</subfield></datafield><datafield ind1=" " ind2=" " tag="300"><subfield code="a">8 v. ;</subfield><subfield code="c">60 cm.</subfield></datafield><datafield ind1=" " ind2=" " tag="310"><subfield code="a">Weekly</subfield></datafield><datafield ind1="0" ind2=" " tag="362"><subfield code="a">Vol. 23, no. 10 (Sept. 6, 1850)-v. 31, no. 27 (Dec. 24, 1858).</subfield></datafield><datafield ind1=" " ind2=" " tag="500"><subfield code="a">"Democratic."</subfield></datafield><datafield ind1=" " ind2=" " tag="500"><subfield code="a">Published every Friday.</subfield></datafield><datafield ind1=" " ind2=" " tag="500"><subfield code="a">Publisher: Oscar Forrest Kepler, &lt;-1858&gt;.</subfield></datafield><datafield ind1=" " ind2=" " tag="500"><subfield code="a">Editor: Valentine Best, &lt;1852&gt;.</subfield></datafield><datafield ind1=" " ind2=" " tag="752"><subfield code="a">United States</subfield><subfield code="b">Pennsylvania</subfield><subfield code="c">Montour</subfield><subfield code="d">Danville.</subfield></datafield><datafield ind1="0" ind2="4" tag="780"><subfield code="t">Danville intelligencer (Danville, Pa. : 1828)</subfield><subfield code="w">(DLC)sn 83032027</subfield></datafield><datafield ind1="0" ind2="4" tag="780"><subfield code="t">Montour County advertiser</subfield></datafield><datafield ind1="0" ind2="0" tag="785"><subfield code="t">Danville intelligencer (Danville, Pa. : 1859)</subfield><subfield code="w">(DLC)sn 86053369</subfield></datafield><datafield ind1="1" ind2=" " tag="029"><subfield code="a">AU@</subfield><subfield code="b">000025789640</subfield></datafield></record>